<record><leader>00000cas a22000007a 4500</leader><controlfield tag="001">436453209</controlfield><controlfield tag="008">090914c20099999nyumr n       0   a0eng  </controlfield><datafield ind1=" " ind2=" " tag="010"><subfield code="a">  2009201796</subfield></datafield><datafield ind1=" " ind2=" " tag="040"><subfield code="a">DLC</subfield><subfield code="b">eng</subfield><subfield code="c">DLC</subfield><subfield code="d">DLC</subfield><subfield code="d">OCLCQ</subfield></datafield><datafield ind1=" " ind2=" " tag="012"><subfield code="l">1</subfield></datafield><datafield ind1="0" ind2=" " tag="022"><subfield code="a">2151-0520</subfield><subfield code="l">2151-0520</subfield><subfield code="2">1</subfield></datafield><datafield ind1=" " ind2=" " tag="037"><subfield code="b">The Sovereign Newspaper, 113 Gale Dr., Apt. #3, New Providence, NJ 07974</subfield></datafield><datafield ind1=" " ind2=" " tag="042"><subfield code="a">pcc</subfield><subfield code="a">nsdp</subfield></datafield><datafield ind1="1" ind2="0" tag="050"><subfield code="a">CURRENT ISSUES ONLY</subfield></datafield><datafield ind1="1" ind2="0" tag="082"><subfield code="a">320.9</subfield><subfield code="2">14</subfield></datafield><datafield ind1=" " ind2="4" tag="222"><subfield code="a">The sovereign</subfield><subfield code="b">(New York, NY)</subfield></datafield><datafield ind1="0" ind2="4" tag="245"><subfield code="a">The sovereign.</subfield></datafield><datafield ind1="1" ind2="3" tag="246"><subfield code="a">Sovereign newspaper</subfield></datafield><datafield ind1=" " ind2=" " tag="260"><subfield code="a">[New York, NY :</subfield><subfield code="b">Sovereign Newspaper]</subfield></datafield><datafield ind1=" " ind2=" " tag="310"><subfield code="a">Monthly</subfield></datafield><datafield ind1="1" ind2=" " tag="362"><subfield code="a">Began with: Issue 1 (May 20/30, 2009).</subfield></datafield><datafield ind1=" " ind2=" " tag="588"><subfield code="a">Description based on: Issue 1 (May 20/30, 2009); title from masthead.</subfield></datafield><datafield ind1=" " ind2=" " tag="588"><subfield code="a">Latest issue consulted: Issue 2 (July 2009).</subfield></datafield><datafield ind1="0" ind2="8" tag="776"><subfield code="i">Online version:</subfield><subfield code="t">Sovereign: A New York City Newspaper</subfield></datafield><datafield ind1="4" ind2="1" tag="856"><subfield code="u">http://www.scribd.com/doc/17565551/The-Sovereign-A-New-York-City-Newspaper</subfield></datafield></record>